<?xml version="1.0" encoding="UTF-8"?><record xmlns="http://www.loc.gov/MARC21/slim" xmlns:cinclude="http://apache.org/cocoon/include/1.0" xmlns:zs="http://www.loc.gov/zing/srw/">
  <leader>00782cz  a2200169n  4500</leader>
  <controlfield tag="001">no 88003980 </controlfield>
  <controlfield tag="003">DLC</controlfield>
  <controlfield tag="005">19990415052645.0</controlfield>
  <controlfield tag="008">881003n| acannaab|          |a aaa |||  </controlfield>
  <datafield tag="010" ind1=" " ind2=" ">
    <subfield code="a">no 88003980 </subfield>
  </datafield>
  <datafield tag="035" ind1=" " ind2=" ">
    <subfield code="a">(OCoLC)oca02375583 </subfield>
  </datafield>
  <datafield tag="040" ind1=" " ind2=" ">
    <subfield code="a">DLC-S</subfield>
    <subfield code="c">DLC-S</subfield>
    <subfield code="d">NjP</subfield>
  </datafield>
  <datafield tag="100" ind1="1" ind2="0">
    <subfield code="a">Turrettini, F.</subfield>
    <subfield code="q">(François Auguste),</subfield>
    <subfield code="d">1845-1908</subfield>
  </datafield>
  <datafield tag="400" ind1="1" ind2="0">
    <subfield code="a">Turrettini, François Auguste,</subfield>
    <subfield code="d">1845-1908</subfield>
  </datafield>
  <datafield tag="400" ind1="1" ind2=" ">
    <subfield code="a">Turrettini, Auguste-François,</subfield>
    <subfield code="d">1845-1908</subfield>
  </datafield>
  <datafield tag="670" ind1=" " ind2=" ">
    <subfield code="a">Atsume gusa, Vol. 1er (1873):</subfield>
    <subfield code="b">t.p. (F. Turrettini) cover p. 4 (François Turrettini); OCLC #11275093 (Turrettini, François Auguste, 1845-1908)</subfield>
  </datafield>
  <datafield tag="670" ind1=" " ind2=" ">
    <subfield code="a">François Turrettini, "Le Chinois", Tschin-Ta-Ni, le "Genevois", 1996:</subfield>
    <subfield code="b">t.p. (sinologist) p. 7, etc. (Auguste-François Turrettini (1842-1908; Swiss, resident of Geneva)</subfield>
  </datafield>
</record>